
%%%%%%%%%%%%%%%%%%%%%%%%%%%%%%%%%%%%%%%%%%%%%%%%%%%%%%%%%%%%%%%%%%%%
%% Grid articles


%% Overviews

@book{ grid-foster99-blueprint,
  author    = "I. Foster and C. Kesselman",
  title     = "The Grid: Blueprint for a New Computing Infrastructure",
  publisher = "Morgan Kaufmann",
  year      = "1999"
}

@article{ grid-foster01-anatomy,
    author = "Ian Foster",
    title = "The Anatomy of the Grid: Enabling Scalable Virtual Organizations",
    journal = "Int. Journal of Supercomputing Applications",
    volume = "Vol 15, No. 3",
    year = "2001",
}

@misc{ grid-foster02-physiology,
  author = "I. Foster and C. Kesselman and J. Nick and S. Tuecke",
  title = "The Physiology of the Grid: An Open Grid Services Architecture for Distributed Systems Integration",
  year = "2002",
  publisher = "Open Grid Service Infrastructure WG, Global Grid Forum",
}


@inproceedings{grid-buyya00-architectural,
    author = "Rajkumar Buyya and Steve J. Chapin and David C. DiNucci",
    title = "Architectural Models for Resource Management in the Grid",
    booktitle = "1st IEEE/ACM International Workshop on Grid Computing (GRID 2000)",
    publisher = "Springer Verlag LNCS Series",
    year = "2000",
}

@article{ grid-krauter02-taxonomy,
  author    = "K. Krauter and R. Buyya and M and Maheswaran",
  title     = "A Taxonomy and Survey of Grid Resource Managment Systems for Distributed Computing",
  journal   = "Int. Journal of Software: Practice and Experience",
  volume    = "Vol 32, No. 2",
  month     = "Feb",
  year      = "2002"
}

@misc{ grid-foster05-ogsa,
  title = "The Open Grid Services Architecture, Version 1.0",
  author = "I. Foster and H. Kishimoto and A. Savva and D. Berry and A. Djaoui and A. Grimshaw and B. Horn and F. Maciel and F. Siebenlist and R. Subramaniam and J. Treadwell and J. Von Reich",
  publisher = "Informational Document, Global Grid Forum (GGF)",
  year = "2005",
}

@misc{ grid-czajkowski04-refactor,
  title = "From Open Grid Services Infrastructure to WS-Resource Framework: Refactoring \& Evolution",
  author = "K. Czajkowski and D. Ferguson and I. Foster and J. Frey and S. Graham and T. Maguire and D. Snelling and S. Tuecke",
  howpublished = "Global Grid Forum (GGF)",
  year = "2004",
}

@misc{ grid-tuecke05-ogsi,
  title = "Open Grid Services Infrastructure (OGSI) Version 1.0",
  author = "S. Tuecke and K. Czajkowski and I. Foster and J. Frey and S. Graham and C. Kesselman and T. Maguire and T. Sandholm and P. Vanderbilt and D. Snelling",
  year = "2003",
  howpublished = "Draft Recomendation, Global Grid Forum (GGF)",
  type = "Global Grid Forum Draft Recommendation", 
}

@misc{ grid-czajkowski04-wsrf,
  title = "The WS-Resource Framework",
  author = "K. Czajkowski and D. F. Ferguson and I. Foster and J. Frey and S. Graham and I. Sedukhin and D. Snelling and S. Tuecke and W. Vambenepe",
  year = "2004",
  howpublished = "Draft WS Specficiation, Global Grid Forum (GGF)",
}




%% globus components

@inproceedings{ grid-czajkowski98-gram,
  author  = "K. Czajkowski and I. Foster and N. Karonis and C. Kesselman and S. Martin and W. Smith and S. Tuecke",
  title   = "A Resource Managment System for Metacomputing Systems",
  booktitle = "IPPS/SPDP '98 Workshop on Job Scheduling Strategies for Parallel Processing",
  year    = "1998",
  pages   = "62--82"
}

@inproceedings{ grid-foster99-gara, 
  title  = {A Distributed Resource Management Architecture that Supports Advance Reservations and Co-Allocation},
  author = {I. Foster and C. Kesselman and C. Lee and R. Lindell and K. Nahrstedt and A. Roy},
  booktitle={Intl Workshop on Quality of Service},
  year   = {1999},
}
@inproceedings{ grid-welch03-gsi,
  title  = "Security for Grid Services",
  author = "V. Welch and F. Siebenlist and I. Foster and J. Bresnahan and K. Czajkowski and J. Gawor and C. Kesselman and S. Meder and L. Pearlman and S. Tuecke.",
  booktitle = "Twelfth International Symposium on High Performance Distributed Computing (HPDC-12)published, IEEE Press",
  month = "June",
  year = "2003",
}


%% scheduling middleware

@book{ grid-nabrzyski04-review,
  author = {J. Nabrzyski and J.M. Schopf and J. Weglarz},
  title = {Grid Resource Management: State of the Art and Future Trends},
  publisher = {Kluwer Academic Publishers},
  year = {2004}
}

@inproceedings{ grid-allen01-cactus,
  author    = "G. Allen and T. Dramlitsch and I. Foster and N. Karonis and M. Ripeanu and E. Seidel and B. Toonen",
  title     = "Supporting Efficient Execution in Heterogeneous Distributed Computing Environments with Cactus and Globus",
  booktitle = "Proceedings of SC 2001", 
  month     = "November",
  year      = "2001",
}

@article{ grid-basney99-condor,
  author    = "Jim Basney and Miron Livny",
  title     = "Deploying a High Throughput Computing Cluster",
  journal   = "High Performance Cluster Computing",
  year      = "1999",
  editor    = "Rajkumar Buyya",
  volume    = "1",
  pages     = "Chapter 5",
  publisher = "Prentice Hall PTR",
  month     = "May"
}

@inproceedings{ grid-raman98-classad,
  author = "Rajesh Raman and Miron Livny and Marvin Solomon",
  title = "Matchmaking: Distributed Resource Management for High Throughput Computing",
  booktitle = "Proceedings of the Seventh {IEEE} International Symposium on High Performance Distributed Computing ({HPDC7})",
  month = "July",
  year = "1998",
  address = "Chicago, IL",
}


@inproceedings{ grid-romberg99-unicore, 
  author    = "M Romberg",
  title     = "The UNICORE Architecture: Seamless Access to Distributed Resources",
  booktitle = "High Performance Distributed Computing, 1999. Proceedings. The Eighth International Symposium on",
  year      = "1999",
  pages     = "287-293"
}

@inproceedings{ grid-frey01-condor-g,
  author = {James Frey and Todd Tannenbaum and Ian Foster and Miron Livny and Steven Tuecke},
  title  = {Condor-G: A Computation Management Agent for Multi-Institutional Grids},
  year   = {2001},
  month  = {August},
  booktitle = {Tenth IEEE Symposium on High Performance Distributed Computing (HPDC10)},
}


@article{ grid-berman03-apples,

  author = {F. Berman and R. Wolski and H. Casanova and W. Cirne and H. Dail
    and M. Faerman and S. Figueira and J. Hayes and G. Obertelli and J. Schopf
      and G. Shao and S. Smallen and S. Spring and A. Su and D. Zagorodnov},
  title={Adaptive Computing on the Grid using AppLeS},
  journal={IEEE Transactions on Parallel and Distributed Systems (TPDS)},
  volume={14(4)},
  pages={369-382},
  year={2003}
}

@article{grid-aloisio02-grb,
  author = {G. Aloisio and M. Cafaro and E. Blasi and I. Epicoco},
  title = {The Grid Resource Broker, a Ubiquitous Grid Computing Framework},
  journal={Scientific Programming Journal},
  volume={10(2)},
  pages={113-119},
  year={2002},
}

@misc{ grid-maui-www,
  author={Maui Project},
  title={Maui Scheduler},
  howpublished={http://mauischeduler.sourceforge.net/},
  year={Last visited 06/06},
}

@techreport{ grid-bulhoes04-sge,
  author = "Paulo Tibério Bulhões and Chansup Byun and Rick Castrapel and Omar Hassaine",
  title = "N1 Grid Engine 6 Features and Capabilities",
  institution = "Sun Microsystems",
  year = "2004",
}

@misc{grid-chapman01-ezgrid,
  author = {B.M. Chapman and B. Sundaram and K.K. Thyagaraja},
  title={EZ-Grid: Integrated Resource Brokerage Services for Computational Grids},
  howpublished={http://www.cs.uh.edu/~ezgrid/},
  year={2001},
}

@inproceedings{grid-henderson95-pbs,
  author={R.L. Henderson},
  title={Job scheduling under the Portable Batch System},
  editor={D. Feitelson and L. Rudolph},
  booktitle={Job Scheduling Strategies for Parallel Processing (Proceedings of
      the 1st International JSSPP Workshop; LNCS No. 949)},
  pages={178-186},
  publisher={Springer-Verlag},
  year={1995},
}

@misc{grid-lsf-www,
  author={LSF Project},
  title={Platform LSF},
  howpublished={http://www.platform.com/products/LSF/},
  year={Last visited 04/06},
}

@misc{grid-gridway-www,
  author={The Gridway Project},
  title={The Gridway Meta-Scheduler},
  howpublished={http://www.gridway.org/},
  year={Last visited 04/06},
}
@inproceedings{ grid-foster98-globus,
  title = "The Globus Project: A Status Report",
  author = "I. Foster and C. Kesselman",
  booktitle = "Proc. IPPS/SPDP '98 Heterogeneous Computing Workshop",
  pages = "4-18",
  year = "1998",
}

@inproceedings{ grid-foster06-toolkit,
  title = "Globus Toolkit Version 4: Software for Service-Oriented Systems",
  author = "I. Foster",
  booktitle = "IFIP International Conference on Network and Parallel Computing",
  publisher = "Springer-Verlag LNCS 3779",
  pages = "2-13",
  year = "2006",
}


@inproceedings{ grid-buyya00-nimrod-g,
  author = "Rajkumar Buyya and David Abramson and Jonathan Giddy",
  title = "Nimrod/G: An Architecture for a Resource Management and Scheduling System in a Global Computational Grid",
  booktitle = "The 4th International Conference on High Performance Computing in Asia-Pacific Region",
  year = "2000",
  publisher = "IEEE Computer Society Press, USA.",
}

@article{ grid-abramson02-nimrod-g,
  author  = {D. Abramson and R. Buuya and J. Giddy},
  title   = {A Computational Economy for Grid Computing and its Implementation in the Nimrod-G Resource Broker},
  journal = {Future Generation Computer Systems},
  volume  = {18},
  number  = {8},
  year    = {2002},
  month   = {Oct},
}


%% grid economics and decentralisation

@article{ grid-buyya02-economic,
  author = {R. Buyya and D. Abramson and J. Giddy and H. Stockinger},
  title  = {Economic Models for Resource Management and Scheduling in Grid Computing},
  journal = {Journal of Concurrency: Practice and Experience, Grid computing special issue},
  year    = {2002},
}

@inproceedings{ grid-buyya02-dbc,
  author  = {Buyya, R and Murshed, M. and Abramson, D.},
  title   = {A Deadline and Budget Constrained Cost-Time Optimization Algorithm for Scheduling Task Farming Applications on Global Grids},
  booktitle = {International Conference on Parallel and Distributed Processing Techniques and Applications, Las Vegas},
  year    = {2002},
  month   = {June},
}

@inproceedings{ grid-iamnitchi01-agent,
  author = "Adriana Iamnitchi and Ian Foster",
  title = "On Fully Decentralized Resource Discovery in Grid Environments",
  booktitle = "International Workshop on Grid Computing",
  publisher =    "IEEE", 
  address =      "Denver, Colorado", 
  month =       "November", 
  year = "2001",
  url = "citeseer.nj.nec.com/iamnitchi01fully.html" 
}

@misc{grid-czajkowski01-mds2,
  author = "K. Czajkowski and S. Fitzgerald and I. Foster and C. Kesselman",
  title = "Grid Information Services for Distributed Resource Sharing",
  year = "2001",
}


@inproceedings{ grid-eymann03-decentralized,
  author = "T. Eymann and M. Reinicke and O. Ardaiz and P. Artigas and L. Diaz de Cerio and  F. Freitag and R. Messeguer and L. Navarro and D.Royo",
  title = "Decentralized vs. Centralized Economic Coordination Of Resource Allocation Methods in Grids",
  booktitle = "1st European Across Grids Conference",
  month =  "February",
  year = "2003",
}



%% websites
@misc{ grid-globus-www, 
  author    = "Globus Project", 
  title     = "The Globus Project Homepage",
  howpublished = "http://www.globus.org/",
  year      = "Last visited 08/2005"
}

@misc{ grid-w3c-www, 
  author    = "World Wide Web Consortium", 
  title     = "W3C Homepage",
  howpublished = "http://www.w3c.org/",
  year      = "Last visited 08/2005"
}

@misc{ grid-ws-www,
  author    = "World Wide Web Consortium", 
  title = {W3C Web Services},
  howpublished= {http://www.w3.org/2002/ws/},
  year      = "Last visited 11/2006"
}

@misc{ grid-soap-www,
  author    = "World Wide Web Consortium", 
  title = {W3C SOAP Technical Specification},
  howpublished= {http://www.w3.org/TR/soap/},
  year      = "Last visited 11/2006"
}

@misc{ grid-osi-www,
  author    = "International Standards Organisation", 
  title = {OSI Reference Model},
  howpublished = { http://standards.iso.org/ittf/PubliclyAvailableStandards/s020269\_ISO\_IEC\_7498-1\_1994(E).zip },
  year      = "Last visited 11/2006"
}


@misc{ grid-ggf-www, 
  author    = "Global Grid Forum", 
  title     = "Homepage",
  howpublished = "http://www.ggf.org/",
  year      = "Last visited 08/2005"
}

@misc{ grid-ggf-sched-wg,
  author    = "The Global Grid Forum", 
  title     = "Scheduling and Resource Managment Working Group",
  howpublished = "https://forge.gridforum.org/projects/srm/",
  year      = "2003"
}

@techreport{ grid-schopf02-sched-review,
   author = "Jennifer M. Schopf",
   title  = "A General Architecture for Scheduling on the Grid",
   institution = "Argonne National Laboratory ANL/MCS-P1000-10002",
   year = "2002"
}

@article{ grid-allcock01-gridftp,
  author = "W. Allcock and J. Bester and J. Bresnahan and A. Chervenak and I. Foster and C. Kesselman and S. Meder and V. Nefedova and D. Quesnel and S. Tuecke",
  title = "Data Management and Transfer in HighPerformance Computational Grid Environments",
  journal = "Parallel Computing",
  year = "2001",
}

@inproceedings{ grid-chapin99-legion,
  author    = {Steve Chapin and Dimitrios Katramatos and John Karpovich and Andrew Grimshaw},
  title     = {The Legion Resource Management System},
  booktitle = {5th Workshop on Job Scheduling Strategies for Parallel Processing (JSSPP '99) in conjunction with the International Parallel and Distributed Processing Symposium (IPDPS '99)},
  month     = {April},
  year      = {1999},
}



%%%%%%%%%%%%%%%%%%%%%%%%%%%%%%%%%%%%%%%%%%%%%%%%%%%%%%%%%%%%%%%%%%%%%%%
%% misc refs
@book{ misc-law00-simulation,
  author    = "A. Law and W. Kelton",
  title     = "Simulation Modeling and Analysis",
  publisher = "McGraw-Hill",
  year      = "3rd Edition, 2000"
}

% TODO: check this one!
@inproceedings{ misc-cao01-performance,
  author = "J. Cao and D. Kerbyson and G. Nudd",
  title = "Performance evaluation of an agent-based resource management infrastructure
    for grid computing",
  booktitle = "First IEEE/ACM International Symposium on Cluster Computing and the Grid, (Brisbane, Australia, 2001), pp. 311-318.",
  year = "2001"
}

%%%%%%%%%%%%%%%%%%%%%%%%%%%%%%%%%%%%%%%%%%%%%%%%%%%%%%%%%%%%%%%%%%%%%%%
%% Biosystems refs

@misc{ bio-andrzejak02-algorithms,
  author = "Artur Andrzejak and Sven Graupner and Vadim Kotov and Holger Trinks",
  title  = "Algorithms for Self Self-Organization and Adaptive Service Placement in Dynamic Distributed Systems",
  publisher = "Hewlett Packard Labs Internal Technical Report",
  year      = "2002"
}

@book{ bio-bonabeau99-swarm,
  author    = "Eric Bonabeau and Marco Dorigo and Guy Theraulaz",
  title     = "Swarm Intelligence : From Natural to Artificial Systems",
  publisher = "Oxford University Press",
  year      = "1999"
}

@article{ bio-dicaro98-ant,
    author = "Gianni Di Caro and Marco Dorigo",
    title = "Ant Colonies for Adaptive Routing in Packet-Switched Communications Networks",
    journal = "Lecture Notes in Computer Science",
    volume = "1498",
    pages = "673",
    year = "1998",
}


@book{ bio-resnick94-turtles,
  author    = "Mitchel Resnick",
  title     = "Turtles, Termites, and Traffic Jams: Explorations in Massively Parallel Microworlds",
  publisher = "MIT Press",
  year      = "1994"
}


@book{ bio-levy93-alife,
  author    = "Steven Levy",
  title     = "Artificial Life: The Quest for a New Creation",
  publisher = "Penguin Books",
  year      = "1993"
}

@book{ bio-dawkins95-eden,
  author    = "Richard Dawkins",
  title     = "River Out of Eden: A Darwinian View of Life",
  publisher = "HarperCollins",
  year      = "1995"
}

@book{ bio-braitenberg86-vehicles,
  author    = "Valentino Braitenberg",
  title     = "Vehicles: Experiments in Synthetic Psychology",
  publisher = "MIT Press",
  year      = "1986"
}

@incollection{ bio-dorigo99-aco, 
  author = {Dorigo M. and G. Di Caro},
  year   = {1999},
  title  = {The Ant Colony Optimization Meta-Heuristic},
  editor = {D. Corne and M. Dorigo and F. Glover},
  booktitle = {New Ideas in Optimization},
  publisher = {McGraw-Hill},
  pages   = {11-32}
}

%%%%%%%%%%%%%%%%%%%%%%%%%%%%%%%%%%%%%%%%%%%%%%%%%%%%%%%%%%%%%%
%% economics


%% books/overview

@book{ eco-huberman88-ecology,
  title     = "The Ecology of Computation",
  editor    = "B. Huberman",
  year      = "1988", 
  publisher = {Elsevier Science Publishers B.V.}
}

@incollection{ eco-miller88-markets,
  author = {M. Miller and K. Drexler},
  title = {Markets and Computation: Agoric Open Systems},
  editor = {B. Huberman},
  booktitle = {The Ecology of Computation},
  year = {1988},
  pages = {133--176},
  publisher = {Elsevier Science Publishers B.V.}
}

@incollection{ eco-malone88-enterprise,
  author = {T. Malone and R. Fikes and K. Grant and M. Howard},
  title = {Enterprise: A Market-Like Task Scheduler for Distributed Computing Environments},
  editor = {B. Huberman},
  booktitle = {The Ecology of Computation},
  year = {1988},
  pages = {177--199},
  publisher = {Elsevier Science Publishers B.V.},
}


@incollection{ eco-drexler88-crm,
  author = {K. Drexler and M. Miller},
  title = {Incentive Engineering for Computational Resource Management},
  editor = {B. Huberman},
  booktitle = {The Ecology of Computation},
  year = {1988},
  pages = {231--266},
  publisher = {Elsevier Science Publishers B.V.},
}

@article{ eco-waldspurger92-spawn,
 AUTHOR = "Carl A. Waldspurger and Tad Hogg and Bernardo A. Huberman and Jeffery O. Kephart and W. Scott Stornetta",
 TITLE = "Spawn: A Distributed Computational Economy",
 JOURNAL = "IEEE Trans. on Software Engineering",
 VOLUME = "18",
 NUMBER = "2",
 PAGES = "103-117",
 MONTH = "February",
 YEAR = "1992",
}

@book{ eco-clearwater96-mbc,
  editor    = "Scott H. Clearwater",
  title     = "Market-Based Control: A PAradigm for Distributed Resource Allocation",
  publisher = "World Scientific Publishing",
  year      = "1996"
}

@book{ eco-nicholson00-microeconomics,
  author = "Walter Nicholson",
  title = "Intermeadiate Microeconomics and It's Application",
  publisher = "Thompson/South Western",
  year = "2000",
  edition = "8th",
}


@article{eco-smith62-competitive,
  author =	 {Vernon L. Smith},
  title =	 {An experimental study of competitive market
                  behaviour},
  journal =	 {Journal of Political Economy},
  year =	 1962,
  volume =	 70,
  pages =	 {111-137},
}


%% zi/zip/gd
@article{eco-gode93-zi,
  author =	 {Gode, Dhananjay K. and Sunder, Shyam},
  title =	 {Allocative Efficiency of Markets with
                  Zero-Intelligence Traders: Market as a Partial
                  Substitute for Individual Rationality},
  journal =	 {Journal of Political Economy},
  year =	 1993,
  volume =	 101,
  number =	 1,
  pages =	 {119-37},
}

@techreport{ eco-cliff98-simple,
  title = "Simple Bargaining Agents for Decentralized Market- Based Control",
  author = "Dave Cliff and Janet Bruten",
  number =	 {HPL-98-17},
  institution =	 {HP Labs},
  year =	 1998,
}

@TechReport{eco-cliff97-minimal,
  author =	 {Dave Cliff and Janet Bruten},
  title =	 {Minimal-Intelligence Agents for Bargaining Behaviors
                  in Market-Based Environments},
  number =	 {HPL-97-91},
  institution =	 {HP Labs},
  year =	 1997,
}


@techreport{ eco-cliff97-zip,
  title = "Less Than Human: Simple Adaptive Trading Agents for CDA Markets",
  author = "Dave Cliff and Janet Bruten",
  number =	 {HPL-97-155},
  institution =	 {HP Labs},
  year =	 1997,
}


@techreport{ eco-cliff01-evolution,
  title = {Evolution of market mechanism through a continuous space of auction-types},
  author = "Dave Cliff",
  number =	 {HPL-2001-326},
  institution =	 {HP Labs},
  year =	 2001,
}

@techreport{ eco-cliff01-days,
  title = {Days without end : On the stability of experimental single-period continuous double auction markets},
  author = {Dave Cliff},
  year   = {2001},
  number =	 {HPL-2001-325},
  institution =	 {HP Labs},
}

@proceedings{ eco-cliff06-zip60,
          author = {Dave Cliff},
       booktitle = {Trading Agent Design and Analysis (TADA) Workshop at AAMAS 2006},
          editor = {Maria Fasli},
           title = {Evolutionary Optimization of ZIP60: A Controlled Explosion in Hyperspace},
       publisher = {Springer},
         journal = {Proceedings of the Trading Agent Design and Analysis / Agent Mediated Electronic Commerce VIII (TADA/AMEC2006) Joint Workshop},
            year = {2006},
             url = {http://eprints.ecs.soton.ac.uk/12074/},
}

% ibm's gd

@article{eco-gjerstad98-gd,
    author = {S Gjerstad and J Dickhaut},
    title  = {Price Formation in Double Auctions},
    journal ={Games and Economic Behaviour},
    volume = {22(1)},
    pages = {1--29},
    year = {1998},
}

@inproceedings{eco-tesauro02-gdx,
 author = {Gerald Tesauro and Jonathan L. Bredin},
 title = {Strategic sequential bidding in auctions using dynamic programming},
 booktitle = {AAMAS '02: Proceedings of the first international joint conference on Autonomous agents and multiagent systems},
 year = {2002},
 isbn = {1-58113-480-0},
 pages = {591--598},
 location = {Bologna, Italy},
 doi = {http://doi.acm.org/10.1145/544862.544885},
 publisher = {ACM Press},
 address = {New York, NY, USA},
}

@inproceedings{eco-tesauro01-mgd,
 author = {Gerald Tesauro and R. Das},
 title = {High-Performance Bidding Agents for Continuous Double Auctions},
 booktitle = {IJCAI-01 Workshop on Economic Agents, Models and Mechanisms},
 month = {August},
 year = {2001},
 pages = {42--51},
 location={Seattle, WA},
}

% Tycoon


@TechReport{ eco-lai2004-implementation,
  author = 	 {Kevin Lai and Lars Rasmusson and Eytan Adar and Stephen Sorkin and Li Zhang and Bernardo A. Huberman},
  title = 	 {{Tycoon: an Implemention of a Distributed Market-Based Resource Allocation System}},
  institution =  {HP Labs},
  address =      {{Palo Alto, CA, USA}},
  year = 	 {2004},
  number = 	 {arXiv:cs.DC/0412038},
  month = 	 dec,
}

@TechReport{eco-lai04-distributed,
  author = 	 {Kevin Lai, Bernardo A. Huberman and Leslie Fine},
  title = 	 {{Tycoon: A Distributed Market-based Resource Allocation System}},
  institution =  {HP Labs},
  address =      {{Palo Alto, CA, USA}},
  year = 	 {2004},
  number = 	 {arXiv:cs.DC/0404013},
  month = 	 apr,
}

@TechReport{eco-lai05-markets,
  author = "Kevin Lai",
  title = {{Markets are Dead, Long Live Markets}},
  institution =  {HP Labs},
  address =      {{Palo Alto, CA, USA}},
  year = 	 {2005},
  number = 	 {arXiv:cs.OS/0502027},
  month = 	 feb,
}

@inproceedings{ eco-sandholm06-evaluating,
    author = {Thomas Sandholm and Kevin Lai},
    title = {Evaluating Demand Prediction Techniques for Computational Markets},
    booktitle = {GECON '06: Proceedings of the 3rd International Workshop on Grid Economics and Business Models},
    year = {2006},
    note = "http://gridasia.ngp.org.sg/2006/gecon.html",
}


% market based computaion
@techreport{ eco-byde03-mbc,
  title  = {Market-Based Resource Allocation for Utility Data Centers},
  author = {Andrew Byde and Mathias Salle and Claudio Bartolini},
  year   = {2003},
  number =	 {HPL-2003-188},
  institution =	 {HP Labs},
  type =	 {Technical Report},
}

@article{eco-kurose89-microeconomic,
 author = {James F. Kurose and Rahul Simha},
 title = {A Microeconomic Approach to Optimal Resource Allocation in Distributed Computer Systems},
 journal = {IEEE Transactions on Computers},
 volume = {38},
 number = {5},
 year = {1989},
 pages = {705--717},
 publisher = {IEEE Computer Society},
 }

@inproceedings{ eco-rajarshi01-human,
  title  = {Agent-Human Interactions in the Continuous Double Auction},
  author = {Rajarshi Das and James E. Hanson and Jeffrey O. Kephart and Gerald Tesauro},
  booktitle = {International Joint Conferences on Artificial Intelligence (IJCAI)},
  month  = {August},
  year   = {2001}
}

@techreport{ eco-robinson02-optimisation,
  author = {Neil Robinson},
  title = {Evolutionary optimisation of market-based control systems for resource allocation in compute farms},
  number =	 {HPL-2001-284},
  institution =	 {HP Labs},
  type =	 {Technical Report},
  year = {2001}
}

@article{ eco-klemperer99-auction, 
  author = "Paul Klemperer",
  year   = "1999",
  title  = "Auction Theory: A Guide to the Literature",
  journal = "Journal of Economic Surveys",
  volume = "13 (3)",
  pages = "227-286"
}

%% TAC

@inproceedings{ eco-wellman99-tac, 
  author = "M. Wellman and P. Wurman",
  title  = "A Trading Agent Competition for the Research Community",
  booktitle = "IJCAI-99 Workshop on Agent-Mediated Electronic Trading, Stockholm, August 1999",
  year = "1999",
}


@article{ eco-cheng05-walverine,
  title = "Walverine: A Walrasian Trading Agent",
  author = "S-F Cheng and E Leung and KM Lochner and K O'Malley and DM Reeves and LJ Schvartzman and MP Wellman",
  journal = "Decision Support Systems",
  year = "2005",
  volume = "39",
  pages = "169–184",
}

@InProceedings{ eco-he05-tada,
  author = "Minghua He and A. Rogers and E. David and N. R. Jennings",
  title = "Designing and evaluating an adaptive trading agent for supply chain management applications",
  booktitle = "Proc. IJCAI Workshop on Trading Agent Design and Analysis",
  year = "2005",
  pages = "35-42",
}




%%%%%%%%%%%%%%%%%%%%%%%%%%%%%%%%%%%%%%%%%%%%%%%%%%%%%%%%%%%%%%
%% Network theory

@article{net-watts98-smallworld,
  author =       {Watts, D. J. and Strogatz, S. H.},
  title =        {Collective Dynamics of `Small-World' Networks},
  journal =      {Nature},
  year =         {1998},
  volume =       {393},
  pages =        {440-442}
}

@article{net-newman03-networks,
  title =	 {The structure and function of complex networks},
  author =	 {M. E. J. Newman},
  journal =	 {Society for Industrial and Applied Mathematics Review},
  volume =	 {45},
  pages =	 {167-256},
  year =	 {2003}
}

@ARTICLE{net-barabasi99-scaling,
  AUTHOR =	 {A.-L. Barab{\'{a}}si and R. Albert},
  JOURNAL =	 {Science},
  TITLE =	 {Emergence of scaling in random networks},
  VOLUME =	 {286},
  PAGES =        {509-512},
  YEAR =         {1999}
}

@Article{net-erdos59-random,
  author =	 {P. Erd{\"{o}}s and A. R{\'{e}}nyi},
  title =	 {On random graphs},
  journal =	 {Publicationes Mathematicae},
  year =	 1959,
  volume =	 6,
  pages =	 {290-297},
  annote =	 {Lifted}
}


@InProceedings{net-cohen03-bittorrent,
  author = "B. Cohen",
  title  = "Incentives build robustness in bittorrent",
  booktitle = "1st Workshop on Economics of Peer-to-Peer Systems",
  year = "2003", 
}
% publisher = "Berkeley, CA, USA",

@InProceedings{net-noble04-information,
  author =	 {J. Noble and S. Davy and D. W. Franks},
  title =	 {Effects of the topology of social networks on
                  information transmission},
  booktitle =	 {From Animals to Animats 8: Proceedings of the
                  Seventh International Conference on Simulation of
                  Adaptive Behavior},
  publisher =	 {MIT Press, Cambridge, MA},
  year =	 2004,
  editor =	 {S. Schaal and A. J. Ijspeert and A. Billard and
                  S. Vijayakumar},
  pages =	 {395-404}
}


%%%%%%%%%%%%%%%%%%%%%%%%%%%%%%%%%%%%%%%%%%%%%%%%%%%%%%%%%%%%%%%%55
%% my stuff


@inproceedings{ davy03-ukpew,
  title  = {The Application of Bioinspired Engineering Principles to Grid Resource
   Allocation},
  author = {Simon Davy and Karim Djemame and Jason Noble},
  booktitle = {UK Performance Engineering Workshop},
  month  = {July},
  year   = {2003}
}





%%%%%%%%%%%%%%%%%%%
%% dans

% TOREAD: 
@ARTICLE{eco-farmer05-predictive,
  AUTHOR =	 {J. D. Farmer and P. Patelli and I. I. Zovko},
  TITLE =	 {The predictive power of zero intelligence in financial markets},
  JOURNAL =	 {Proceedings of the National Academy of Science},
  YEAR =	 2005,
  VOLUME =	 102,
  NUMBER =	 6,
  PAGES =	 {2254-2259},
}


@ARTICLE{eco-gode97-efficiency,
  AUTHOR={Gode, Dhananjay K and Sunder, Shyam},
  TITLE={What Makes Markets Allocationally Efficient?},
  JOURNAL={The Quarterly Journal of Economics},
  YEAR=1997,
  VOLUME={112},
  NUMBER={2},
  PAGES={603-30},
  MONTH={May},
}


%%% jason's
@ARTICLE{net-jin01-structure,
  AUTHOR =	 {E. M. Jin and M. Girvan and M. E. J. Newman},
  JOURNAL =	 {Physical Review E},
  TITLE =	 {The structure of growing social networks},
  VOLUME =	 {64},
  NUMBER =	 {046132},
  YEAR =	 {2001}
}
@ARTICLE{net-newman03-social,
  AUTHOR =	 {M. E. J. Newman and J. Park},
  JOURNAL =	 {Physical Review E},
  TITLE =	 {Why social networks are different from other types of networks},
  VOLUME =	 {68},
  NUMBER =       {036122},
  YEAR =         {2003}
}

@InCollection{tesfatsion97,
  author =	 {L. Tesfatsion},
  title =	 {A Trade Network Game with Endogenous Partner
                  Selection},
  booktitle =	 {Computational Approaches to Economic Problems},
  publisher =	 {Kluwer},
  year =	 1997,
  editor =	 {H. Amman and others},
  pages =	 {249-269}
}


% grid  econ/mbc

@inproceedings{ eco-auyoung04-bellagio,
  author = "A. AuYoung and B. Chun and A. Snoeren and A. Vahdat",
  title = "Resource allocation in federated distributed computing
    infrastructures",
  booktitle = "Proceedings of the 1st Workshop on Operating System and
    Architectural Support for the Ondemand
      IT InfraStructure",
  month = "October",
  year = "2004",
  url = "citeseer.ist.psu.edu/auyoung04resource.html"
}

@inproceedings{ eco-eymann06-twotiered,
  Author={Torsten Eymann and Dirk Neumann and Michael Reinicke and Bij?rn
    Schnizler and Werner Streitberger and Daniel Veit},
  Title={On the Design of a Two-Tiered Grid Market Structure},
  Booktitle={Proceedings of the Multikonferenz Wirtschaftsinformatik 2006,
    Passau, Germany},
  Year={2006}
}

